% ....názov súboru je: literatura.bib
@techreport{juniper:revenue,
	author = "Juniper Research",
	title = "In-Game Gambling - The Next Cash Cow for Publishers",
	url = "https://www.juniperresearch.com/whitepapers/in-game-gambling-the-next-cash-cow",
	month = {April},
	year = {2018}
}

@article{springer:research,
	author = "Nigel E. Turner",
	title = "Prevalence of Problematic Video Gaming among Ontario Adolescents",
	url = "https://link.springer.com/article/10.1007/s11469-012-9382-5",
	month = {December},
	year = {2012}
}

@article{theesa:facts,
	author = "The Entertainment Software Association",
	title = "2022 Essential Facts About the Video Game Industry",
	url = "https://www.theesa.com/resource/2022-essential-facts-about-the-video-game-industry/",
	year = {2022}
}